@article{kwon,
 author = {Kwon, Young H and Lobo, Niels da Vitoria},
 title = {Age Classification from Facial Images},
 journal = {Comput. Vis. Image Underst.},
 issue_date = {April 1999},
 publisher = {Elsevier Science Inc.},
 address = {New York, NY, USA}
} 

