% Encoding: UTF-8

@Article{MarioH.RamirezDiaz2014,
  author  = {Mario H. Ramírez Díaz, Eduardo Chavez Lima.},
  journal = {Tecsistecatl},
  title   = {Uso de la sociofísica para realizar predicciones electorales utilizando algoritmos genéticos},
  year    = {2014},
  issn    = {1886-8452},
  month   = jun,
  number  = {16},
  pages   = {15},
  volume  = {6},
  url     = {https://www.eumed.net/rev/tecsistecatl/n16/sociofisica.pdf},
}

@Comment{jabref-meta: databaseType:bibtex;}
