@book{devroye1996probabilistic,
  title={A Probabilistic Theory of Pattern Recognition},
  author={Devroye, L. and Gy{\"o}rfi, L. and Lugosi, G.},
  isbn={9780387946184},
  lccn={95044633},
  series={Applications of mathematics : stochastic modelling and applied probability},
  url={https://books.google.com.mx/books?id=uDgXoRkyWqQC},
  year={1996},
  publisher={Springer}
}
