
@inreference{_alfred_2015,
	title = {Alfréd Haar},
	rights = {Creative Commons Attribution-{ShareAlike} License},
	url = {https://en.wikipedia.org/w/index.php?title=Alfr%C3%A9d_Haar&oldid=691124097},
	abstract = {Alfréd Haar (Hungarian: Haar Alfréd; 11 October 1885, Budapest – 16 March 1933, Szeged) was a Hungarian mathematician. In 1904 he began to study at the University of Göttingen. His doctorate was supervised by David Hilbert. The Haar measure, Haar wavelet, and Haar transform are named in his honor. Between 1912 and 1919 he taught at Franz Joseph University in Kolozsvár. Together with Frigyes Riesz, he made the University of Szeged a centre of mathematics. He also founded the Acta Scientiarum Mathematicarum journal together with Riesz.},
	booktitle = {Wikipedia, the free encyclopedia},
	urldate = {2015-11-18},
	date = {2015-11-17},
	langid = {english},
	note = {Page Version {ID}: 691124097},
	file = {Snapshot:/home/xmejia/.zotero/zotero/7nzgq7mw.default/zotero/storage/3DJPGDC5/index.html:text/html}
}