
@misc{java,
	title = {Java vs Python: Why Python can be more productive},
	url = {http://www.programcreek.com/2012/04/java-vs-python-why-python-can-be-more-productive/},
	urldate = {2015-05-01},
	file = {Java vs. Python\: Why Python can be more productive?:/home/xmejia/.zotero/zotero/trznn1qo.default/zotero/storage/HT6CKP59/java-vs-python-why-python-can-be-more-productive.html:text/html}
}



@misc{performancePython,
	title = {Part {I}: {Performance} of {Matrix} multiplication in {Python}, {Java} and {C}++},
	url = {http://martin-thoma.com/matrix-multiplication-python-java-cpp/},
	urldate = {2015-05-03},
	file = {Part I\: Performance of Matrix multiplication in Python, Java and C++:/home/xmejia/.zotero/zotero/trznn1qo.default/zotero/storage/Z4I9W5NZ/matrix-multiplication-python-java-cpp.html:text/html}
}
