% Encoding: UTF-8

@Article{MarioH.RamirezDiaz2014,
  author  = {Mario H. Ramírez Díaz, Eduardo Chavez Lima.},
  journal = {Tecsistecatl},
  title   = {Uso de la sociofísica para realizar predicciones electorales utilizando algoritmos genéticos},
  year    = {2014},
  issn    = {1886-8452},
  month   = jun,
  number  = {16},
  pages   = {15},
  volume  = {6},
  url     = {https://www.eumed.net/rev/tecsistecatl/n16/sociofisica.pdf},
}

@Misc{dra,
  author       = {Ankita Singh, Bruno Váldez},
  howpublished = {Blog},
  month        = jan,
  title        = {¿{Q}ué es el Desarrollo rápido de aplicaciones (RAD)?},
  year         = {2020},
  url          = {https://www.capterra.es/blog/1218/que-es-el-desarrollo-rapido-de-aplicaciones-rad},
}

@Article{Galam.1986,
  author   = {Serge Galam.},
  journal  = {Journal of Mathematical Psychology},
  title    = {Majority rule, hierarchical structures, and democratic totalitarianism: A statistical approach},
  year     = {1986},
  issn     = {0022-2496},
  number   = {4},
  pages    = {426-434},
  volume   = {30},
  abstract = {An alternative model to the formation of pyramidal structures is presented in the framework of social systems. The population is assumed to be distributed between two social orientations G and H with respective probabilities p0 and (1 − p0). Instead of starting the hierarchy with a given H-orientation at the top and then going downwards in a deterministic way, the hierarchy is initiated randomly at the bottom from the surrounding population. Every level is then selected from the one underneath using the principle of majority rule. The hierarchy is thus self-oriented at the top. It is shown how such self-oriented hierarchies are always H-oriented provided they have a minimal number of levels which is determined by the value of p0. Their stability is studied against increases in p0. An ideal transition to G-self-oriented hierarchies is obtained.},
  doi      = {https://doi.org/10.1016/0022-2496(86)90019-2},
  url      = {https://www.sciencedirect.com/science/article/pii/0022249686900192},
}

@Article{Galam1990,
  author   = {Serge Galam},
  journal  = {Journal of Statistical Physics},
  title    = {Social paradoxes of majority rule voting and renormalization group},
  year     = {1990},
  issn     = {1572-9613},
  month    = nov,
  number   = {3},
  pages    = {943-951},
  volume   = {61},
  abstract = {Real-space renormalization group ideas are used to study a voting problem in political science. A model to construct self-directed pyramidal structures from bottom up to the top is presented. Using majority rules, it is shown that a minority and even a majority can be systematically self-eliminated from top leadership, provided the hierarchy has a minimal number of levels. In some cases, 70\% of the population is found to have zero representation after six hierarchical levels. Results are discussed with respect to the internal operation of political organizations.},
  doi      = {10.1007/BF01027314},
  url      = {https://doi.org/10.1007/BF01027314},
}

@Article{Galam1991,
  author  = {Serge Galam},
  journal = {International Journal of General Systems},
  title   = {Political paradoxes of majority rule voting and hierarchical systems},
  year    = {1991},
  month   = sep,
  number  = {3},
  pages   = {191-200},
  volume  = {18},
  doi     = {10.1080/03081079108935145},
  url     = {https://doi.org/10.1080/03081079108935145},
}

@Article{Galam2000,
  author  = {Serge Galam},
  journal = {Physica A: Statistical Mechanics and its Applications},
  title   = {Real space renormalization group and totalitarian paradox of majority rule voting},
  year    = {2000},
  issn    = {0378-4371},
  number  = {1},
  pages   = {66-76},
  volume  = {285},
  doi     = {https://doi.org/10.1016/S0378-4371(00)00272-7},
  url     = {https://www.sciencedirect.com/science/article/pii/S0378437100002727},
}

@TechReport{Aviles2011,
  author      = {Mario Alberto Morales Avilés},
  institution = {Instittuto Politécnico Nacional},
  title       = {Sistema de cómputo que realice predicciones electorales usando sociofísica},
  year        = {2011},
  month       = may,
  type        = {techreport},
}

@Book{OctavioMiramontes2013,
  author    = {Octavio Miramontes, Karen Volke},
  editor    = {Octavio Miramontes, Karen Volke},
  publisher = {CopIt-arXives},
  title     = {Fronteras de la física en el siglo XXI},
  year      = {2013},
  isbn      = {978-1-938128-03-5},
  url       = {https://scifunam.fisica.unam.mx/mir/copit/TS0011ES/Miramontes_Volke_-_Fronteras_Fisica_S_XXI.pdf},
}

@Misc{Rodriguez2021,
  author       = {Wendy García Rodríguez},
  howpublished = {Online},
  month        = may,
  title        = {Mecánica estadística},
  year         = {2021},
  url          = {https://www.ecured.cu/Mecánica_estadística},
}

@article{Galam2008,
    author = {Galam, Serge},
    year = {2008},
    month = {03},
    pages = {},
    title = {Sociophysics: A review of Galam models},
    volume = {19},
    journal = {International Journal of Modern Physics C},
    doi = {10.1142/S0129183108012297}
}

@Article{TomasAlegreSepulveda2020,
  author  = {Tomás Alegre Sepúlveda, Brian Keith Norambuena},
  journal = {Intelligent Data Analysis},
  title   = {Twitter sentiment analysis for the estimation of voting intention in the 2017 Chilean elections},
  year    = {2020},
  month   = sep,
  number  = {5},
  volume  = {24},
  doi     = { 10.3233/IDA-194768},
  url     = {https://content.iospress.com/articles/intelligent-data-analysis/ida194768},
}

@Article{Perdomo2008,
  author   = {Carlos J. Vilalta Perdomo},
  journal  = {Estud. demogr. urbanos },
  title    = {¿Se pueden predecir geográficamente los resultados electorales? Una aplicación del análisis de clusters y outliers espaciales},
  year     = {2008},
  issn     = {2448-6515},
  month    = dec,
  number   = {3},
  volume   = {23},
  doi      = {https://doi.org/10.24201/edu.v23i3.1322},
  keywords = {elecciones; análisis espacial; segregación espacial; México},
  url      = {http://www.scielo.org.mx/pdf/educm/v23n3/2448-6515-educm-23-03-571.pdf},
}

@Misc{Anicas2018,
  author       = {Mitchell Anicas},
  howpublished = {online},
  month        = mar,
  title        = {Una introducción a OAuth 2},
  year         = {2018},
  url          = {https://www.digitalocean.com/community/tutorials/una-introduccion-a-oauth-2-es},
}

@Misc{Magana2020,
  author       = {Luis Miguel López Magaña},
  howpublished = {online},
  month        = jan,
  title        = {Qué es OAuth 2},
  year         = {2020},
  url          = {https://openwebinars.net/blog/que-es-oauth2/},
}

@Misc{IEDF2015,
  author       = {IEDF},
  howpublished = {online},
  title        = {Resultados por delegacion del 2015},
  year         = {2015},
  url          = {http://portal.iedf.org.mx/resultados2015/delegacion.php?del=5},
}

@Misc{IECM2018,
  author       = {IECM},
  howpublished = {online},
  title        = {Elecciones locales Ciudad de México 2018},
  year         = {2018},
  url          = {https://aplicaciones.iecm.mx/pr3p/buscadorPREP2018/controleralcaldias_detalle2.php},
}

@Misc{IECM2006,
  author       = {IECM},
  howpublished = {online},
  title        = {Sistema de Consulta de la Estadística de Resultado Proceso Electoral Local 2006},
  year         = {2006},
  url          = {http://portal.iecm.mx/estadisticas2000a2009/2006/consultas/resultados.php?mod=3},
}

@TechReport{IEDF2009,
  author      = {IEDF},
  institution = {IEDF},
  title       = {Estadísticas de las elecciones locales 2009},
  year        = {2009},
  url         = {https://www.iecm.mx/www/secciones/elecciones/estadisticas/publicaciones/2009/EstadisticaEleccionesResultados2009.pdf},
}

@Misc{Ramirez2021,
  author       = {Sebastián Ramírez},
  howpublished = {online},
  month        = dec,
  title        = {FastAPI},
  year         = {2021},
  url          = {https://fastapi.tiangolo.com/es/},
}

@Article{Galam2004,
  author  = {Serge Galam},
  journal = {Physica A Statistical Mechanics and its Applications},
  title   = {The dynamics ofminority opinions indemocratic debate},
  year    = {2004},
  month   = may,
  number  = {1},
  pages   = {56-62},
  volume  = {336},
  doi     = {10.1016/j.physa.2004.01.010},
  url     = {https://www.datascienceassn.org/sites/default/files/Dynamics of Minority Opinions in Democratic Debate.pdf},
}

@Article{Galam2001,
  author  = {Serge Galam},
  journal = {Le Monde},
  title   = {Les réformes sont-elles impossibles ?},
  year    = {2001},
  month   = feb,
  url     = {https://jancovici.com/recension-de-lectures/articles/les-reformes-sont-elles-impossibles-mars-2000/},
}

@Article{Galam1998,
  author={Galam, S.
    and Chopard, B.
    and Masselot, A.
    and Droz, M.},
  title={Competing species dynamics: Qualitative advantage versus geography},
  journal={The European Physical Journal B - Condensed Matter and Complex Systems},
  year={1998},
  month={Aug},
  day={01},
  volume={4},
  number={4},
  pages={529-531},
  abstract={A simple cellular automata model for a two-group war over the same ``territory'' is presented. It is shown that a qualitative advantage is not enough for a minority to win. A spatial organization as well a definite degree of aggressiveness are instrumental to overcome a less fitted majority. The model applies to a large spectrum of competing groups: smoker-non smoker war, epidemic spreading, opinion formation, competition for industrial standards and species evolution. In the last case, it provides a new explanation for punctuated equilibria.},
  issn={1434-6036},
  doi={10.1007/s100510050410},
  url={https://doi.org/10.1007/s100510050410}
}

@Misc{LUCADecisions,
  author       = {LUCA Ai Powered Decisions},
  howpublished = {online},
  title        = {¿Qué es Python?},
  url          = {https://luca-d3.com/es/data-speaks/diccionario-tecnologico/python-lenguaje},
}

@Misc{PredictIt,
  author       = {PredictIt},
  howpublished = {online},
  title        = {PredictIt},
  url          = {https://www.predictit.org/},
}

@Misc{FiveThirtyEight,
  author       = {FiveThirtyEight},
  howpublished = {online},
  title        = {FiveThirtyEight},
  url          = {https://fivethirtyeight.com/},
}

@Misc{RealClearPolitics,
  author       = {RealClearPolitics},
  howpublished = {online},
  title        = {RealClearPolitics - Live Opinion, News, Analysis, Video and Polls},
  url          = {https://www.realclearpolitics.com/},
}

@Comment{jabref-meta: databaseType:bibtex;}
