@book{jain1999biometrics,
  title={Biometrics: Personal Identification in Networked Society},
  author={Jain, A.K. and Bolle, R. and Pankanti, S.},
  isbn={9780792383451},
  lccn={98031272},
  series={Kluwer international series in engineering and computer science},
  url={http://books.google.com.mx/books?id=XPC9ucFbddsC},
  year={1999},
  publisher={Kluwer}
}


@article{jain2000biometric,
  title={Biometric identification},
  author={Jain, Anil and Hong, Lin and Pankanti, Sharath},
  journal={Communications of the ACM},
  volume={43},
  number={2},
  pages={90--98},
  year={2000},
  publisher={ACM}
}

@article{wang2005selecting,
  title={Selecting discriminant eigenfaces for face recognition},
  author={Wang, Jie and Plataniotis, Konstantinos N and Venetsanopoulos, Anastasios N},
  journal={Pattern Recognition Letters},
  volume={26},
  number={10},
  pages={1470--1482},
  year={2005},
  publisher={Elsevier}
}


@article{albert2007review,
  title={A review of the literature on the aging adult skull and face: Implications for forensic science research and applications},
  author={Albert, A Midori and Ricanek Jr, Karl and Patterson, Eric},
  journal={Forensic Science International},
  volume={172},
  number={1},
  pages={1--9},
  year={2007},
  publisher={Elsevier}
}