@article{Phillips:2000:FEM:354167.354178,
 author = {Phillips, P. Jonathon and Moon, Hyeonjoon and Rizvi, Syed A. and Rauss, Patrick J.},
 title = {The FERET Evaluation Methodology for Face-Recognition Algorithms},
 journal = {IEEE Trans. Pattern Anal. Mach. Intell.},
 issue_date = {October 2000},
 volume = {22},
 number = {10},
 month = oct,
 year = {2000},
 issn = {0162-8828},
 pages = {1090--1104},
 numpages = {15},
 url = {http://dx.doi.org/10.1109/34.879790},
 doi = {10.1109/34.879790},
 acmid = {354178},
 publisher = {IEEE Computer Society},
 address = {Washington, DC, USA},
 keywords = {Face recognition, algorithm evaluation, FERET database.},
} 

@article{phillips:ivc98,
	added-at = {2008-03-11T14:52:34.000+0100},
	author = {Phillips, P. J. and Wechsler, H. and Huang, J. and Rauss, P.},
	biburl = {http://www.bibsonomy.org/bibtex/2bf16c0541a989a1e60320cd0451835f0/idsia},
	citeulike-article-id = {2378571},
	interhash = {e1ae1d430eb8d758cd7f025f4c30ab3c},
	intrahash = {bf16c0541a989a1e60320cd0451835f0},
	journal = {Image and Vision Computing},
	keywords = {nn},
	number = 5,
	pages = {295--306},
	priority = {2},
	timestamp = {2008-03-11T15:00:32.000+0100},
	title = {The {FERET} Database and Evaluation Procedure for Face Recognition Algorithms},
	volume = 16,
	year = 1998
}
