
@misc{_ciencias_????,
	title = {Ciencias {Forenses}},
	url = {http://www.criminalistica.com.mx/areas-forenses/criminalistica/827-iqus-ciencia-forense},
	urldate = {2015-05-18},
	file = {Ciencias Forenses:/home/xmejia/.zotero/zotero/trznn1qo.default/zotero/storage/ZC4JA6R6/827-iqus-ciencia-forense.html:text/html}
}