@book{houck2007forensic,
  title={Forensic Science: Modern Methods of Solving Crime [Ciencia Forense: Metodos Modernos de Resolver un Crimen]},
  author={Houck, M.M.},
  isbn={9780275993238},
  lccn={2007000060},
  url={http://books.google.com.mx/books?id=nHKxSVcY4gAC},
  year={2007},
  publisher={Praeger}
}

