@article{gizatdinova2010automatic,
  title={Automatic edge-based localization of facial features from images with complex facial expressions},
  author={Gizatdinova, Yulia and Surakka, Veikko},
  journal={Pattern Recognition Letters},
  volume={31},
  number={15},
  pages={2436--2446},
  year={2010},
  publisher={Elsevier}
}
