@book{fraser2013handbook,
  title={Handbook of Forensic Science [Manual de Ciencia Forense]},
  author={Fraser, J. and Williams, R.},
  isbn={9781134028702},
  series={Commonwealth Caribbean Law},
  url={http://books.google.com.mx/books?id=OgTONBFu5\_8C},
  year={2013},
  publisher={Taylor \& Francis}
}
