@article{hjelmaas2001face,
  title={Face detection: A survey},
  author={Hjelm{\aa}s, Erik and Low, Boon Kee},
  journal={Computer vision and image understanding},
  volume={83},
  number={3},
  pages={236--274},
  year={2001},
  publisher={Elsevier}
}