@book{pressman2002ingenieria,
  title={Ingenier{\'\i}a del software: un enfoque pr{\'a}ctico},
  author={Pressman, R.S. and Mart{\'\i}n, R.O.},
  isbn={9788448132149},
  series={{\'A}rea de inform{\'a}tica y computaci{\'o}n},
  url={http://books.google.com.mx/books?id=QfeHQgAACAAJ},
  year={2002},
  publisher={McGraw-Hill}
}
