@book{sommerville2005ingenieria,
  title={Ingenier{\'\i}a del software},
  author={Sommerville, I. and Galipienso, M.I.A.},
  isbn={9788478290741},
  series={Fuera de colecci{\'o}n Out of series},
  url={http://books.google.com.mx/books?id=gQWd49zSut4C},
  year={2005},
  publisher={Pearson Educaci{\'o}n}
}
