@misc{cootes2008fg,
  title={The FG-NET aging database},
  author={Cootes, T and Lanitis, A},
  year={2008}
}
