@MISC{lopezPoveda:website,
      AUTHOR = "Enrique López Poveda, Universidad de Salamanca",
      TITLE = "Máster de Neurociencias",
      NOTE = "\url{http://audiolab.usal.es/Documentos/Docencia/Master\%20Neurociencias.pdf}"
}