
@misc{_pattern_????,
	title = {Pattern {Recognition} - {MATLAB}},
	url = {http://www.mathworks.com/discovery/pattern-recognition.html},
	urldate = {2015-05-18},
	file = {Pattern Recognition - MATLAB:/home/xmejia/.zotero/zotero/trznn1qo.default/zotero/storage/BG3VNJ6U/pattern-recognition.html:text/html}
}