
@misc{_numpy_????,
	title = {{NumPy} — {Numpy}},
	url = {http://www.numpy.org/},
	urldate = {2015-05-18},
	file = {NumPy — Numpy:/home/xmejia/.zotero/zotero/trznn1qo.default/zotero/storage/S8R4KTRX/www.numpy.org.html:text/html}
}