@book{theodoridis2006pattern,
  title={Pattern Recognition [Reconocimiento de Patrones]},
  author={Theodoridis, S. and Koutroumbas, K.},
  isbn={9780080513614},
  lccn={2007279784},
  series={Pattern Recognition Series},
  url={http://books.google.com.mx/books?id=gAGRCmp8Sp8C},
  year={2006},
  publisher={Elsevier Science}
}
@book{grau2003tecnicas,
  title={T{\'e}cnicas de an{\'a}lisis de imagen: Aplicaciones en Biolog{\'\i}a},
  author={Grau, J.F.P.},
  isbn={9788437056678},
  series={Educaci{\'o} / Universitat de Val{\`e}ncia: Materials},
  url={http://books.google.com.mx/books?id=Mi9UrJQCKoEC},
  year={2003},
  publisher={Universidad de Val{\`e}ncia Servicio de Publicaciones}
}




@inproceedings{etchart2011sistemas,
  title={Sistemas de reconocimiento biom{\'e}tricos, importancia del uso de est{\'a}ndares en entes estatales},
  author={Etchart, Graciela and Luna, Lucas and Leal, Carlos and Benedetto, Marcelo Gabriel and Alvez, Carlos},
  booktitle={XIII Workshop de Investigadores en Ciencias de la Computaci{\'o}n},
  year={2011}
}