@article{tome2013identification,
  title={Identification using face regions: Application and assessment in forensic scenarios},
  author={Tome, Pedro and Fierrez, Julian and Vera-Rodriguez, Ruben and Ramos, Daniel},
  journal={Forensic science international},
  volume={233},
  number={1},
  pages={75--83},
  year={2013},
  publisher={Elsevier}
}
