@inproceedings{Guenther_BeFIT2012,
       author = {G{\"u}nther, Manuel AND Wallace, Roy AND Marcel, S{\'e}bastien},
       editor = {Fusiello, Andrea AND Murino, Vittorio AND Cucchiara, Rita},
     keywords = {Biometrics, Face Recognition, Open Source, Reproducible Research},
        month = oct,
        title = {An Open Source Framework for Standardized Comparisons of Face Recognition Algorithms},
    booktitle = {Computer Vision - ECCV 2012. Workshops and Demonstrations},
       series = {Lecture Notes in Computer Science},
       volume = {7585},
         year = {2012},
        pages = {547-556},
    publisher = {Springer Berlin},
     location = {Heidelberg},
          url = {http://publications.idiap.ch/downloads/papers/2012/Gunther_BEFIT2012_2012.pdf}
}