@online{comparingPythonOrg,
	title = "Comparing Python to Other Languages - Python.org",
	author = "Guido van Rossum",
	url = "https://www.python.org/doc/essays/comparisons/",
	urldate = "2015-03-25",
	keywords="python, programming",
}
