
@misc{_instituto_????,
	title = {Instituto de {Ciencias} {Forenses} :: {Fotografía} {Forense}},
	url = {http://www.semefo.gob.mx/es/INCIFO/Fotografia_Forense},
	urldate = {2015-05-14},
	file = {Instituto de Ciencias Forenses \:\: Fotografía Forense:/home/xmejia/.zotero/zotero/trznn1qo.default/zotero/storage/PXXPPPX9/Fotografia_Forense.html:text/html}
}