
@misc{_forensic_????,
	title = {Forensic {Science}},
	url = {http://www.tech-faq.com/forensic-science.html},
	urldate = {2015-05-18},
	file = {Forensic Science:/home/xmejia/.zotero/zotero/trznn1qo.default/zotero/storage/7UK5S9SF/forensic-science.html:text/html}
}