@book{katsikitis2012human,
  title={The Human Face: Measurement and Meaning},
  author={Katsikitis, M.},
  isbn={9781461510635},
  url={https://books.google.com.mx/books?id=zlSgBQAAQBAJ},
  year={2012},
  publisher={Springer US}
}
