@book{grau2003tecnicas,
  title={T{\'e}cnicas de an{\'a}lisis de imagen: Aplicaciones en Biolog{\'\i}a},
  author={Grau, J.F.P.},
  isbn={9788437056678},
  series={Educaci{\'o} / Universitat de Val{\`e}ncia: Materials},
  url={http://books.google.com.mx/books?id=Mi9UrJQCKoEC},
  year={2003},
  publisher={Universidad de Val{\`e}ncia Servicio de Publicaciones}
}
