
@misc{_atvs_????,
	title = {{ATVS} - {Biometric} {Recognition} {Group} » {Databases} » {SCfaceDB} {Landmarks}},
	url = {http://atvs.ii.uam.es/scfacedb_landmarks.html},
	urldate = {2015-05-14},
	file = {ATVS - Biometric Recognition Group » Databases » SCfaceDB Landmarks:/home/xmejia/.zotero/zotero/trznn1qo.default/zotero/storage/IX5WI6KZ/scfacedb_landmarks.html:text/html}
}