@book{dollon2012visual,
  title={Visual Studio 2010: Desarrollo de aplicaciones web con C\# 4, Framework Entity 4, ASP .NET 4.0,...},
  author={Dollon, J. and Ravaille, J.},
  isbn={9782746073166},
  series={ Soluciones inform{\'a}ticas},
  url={https://books.google.com.mx/books?id=swYrh1ZeJZcC},
  year={2012},
  publisher={ENI Editions}
}
