@inproceedings{maza2010trabajo,
  title={Trabajo en progreso: reconocimiento facial en l{\'\i}nea, una arquitectura Open Source para validaci{\'o}n de identidad de estudiantes para el LMS MOODLE},
  author={Maza, Leonardo Yamasaki and Espinosa, Carolina Franco},
  booktitle={Crisis anal{\'o}gica, futuro digital: actas del IV Congreso Online del Observatorio para la Cibersociedad, celebrado del 12 al 29 de noviembre de 2009},
  pages={26},
  year={2010}
}
